@book{kalima2018,
  author = {Kalima, Robert and Mwanika, Marleen and Okumu, Odda},
  title = {Achiever's Senior Secondary Business Studies: Students Book for Form
           4.},
  publisher = {East African Educational Publishers},
  year = {2018},
  edition = {1},
}

@book{karen2018,
  author = {Borrington, Karen and Stimpson, Peter},
  title = {Cambridge IGCSE and O Level: Business Studies},
  publisher = {Hodder Education},
  year = {2018},
  edition = {5},
}

